@article{duchi2012ergodic,
  title={Ergodic mirror descent},
  author={Duchi, John C and Agarwal, Alekh and Johansson, Mikael and Jordan, Michael I},
  journal={SIAM Journal on Optimization},
  volume={22},
  number={4},
  pages={1549--1578},
  year={2012},
  publisher={SIAM}
}