@book{kushner2012stochastic,
	Author = {Kushner, Harold Joseph and Clark, Dean S},
	Publisher = {Springer Science \& Business Media},
	Title = {Stochastic approximation methods for constrained and unconstrained systems},
	Volume = {26},
	Year = {2012}}
@article{bach2014adaptivity,
	Author = {Bach, Francis R},
	Journal = {Journal of Machine Learning Research},
	Number = {1},
	Pages = {595--627},
	Title = {Adaptivity of averaged stochastic gradient descent to local strong convexity for logistic regression.},
	Volume = {15},
	Year = {2014}
}